@book{SecPatterns06,
	title = {Security Patterns - Integrating Security and Systems Engineering},
	author = {Markus Schumacher, Eduardo Fernandez-Buglioni, Duane Hybertson, Frank Buschmann, Peter Sommerlad},
	publisher = {John Wiley & Sons, Ltd},
	year={2006},
	edition={1},
	isbn={978-0-470-85884-4},
	totalpages={602},
	timestamp={2012.05.22},
}
